
@article{vennham,
  title={Hamilton cycles in planar graphs and {V}enn diagrams},
  author={Chilakamarri, Kiran B. and Hamburger, Peter and Pippert, Raymond E.},
  journal={Journal of combinatorial theory, Series B},
  volume={67},
  number={2},
  pages={296--303},
  year={1996},
  publisher={Elsevier}
}
@phdthesis{bultena2013face,
  title={Face-balanced, {V}enn and poly{V}enn diagrams},
  author={Bultena, Bette},
  year={2013},
  school={University of Victoria}
}
@article{chilakamarri1996hamilton,
  title={Hamilton cycles in planar graphs and {V}enn diagrams},
  author={Chilakamarri, Kiran B and Hamburger, Peter and Pippert, Raymond E},
  journal={journal of combinatorial theory, Series B},
  volume={67},
  number={2},
  pages={296--303},
  year={1996},
  publisher={Elsevier}
}
@article{griggs2004venn,
  title={{V}enn diagrams and symmetric chain decompositions in the Boolean lattice},
  author={Griggs, Jerrold and Killian, Charles E and Savage, Carla D},
  journal={JOURNAL OF COMBINATORICS},
  volume={11},
  number={1},
  pages={R2},
  year={2004}
}
@Article{Hamburger1997,
author="Hamburger, Peter
and Pippert, Raymond E.",
title="Simple, Reducible {V}enn Diagrams on Five Curves and Hamiltonian Cycles",
journal="Geometriae Dedicata",
year="1997",
volume="68",
number="3",
pages="245--262",
abstract="Recently, using graph theory, we developed procedures for the construction of {V}enn diagrams. Utilizing these procedures with some new methods introduced here, we determine the number of simple, reducible spherical {V}enn diagrams of five sets. In so doing, we obtain examples of {V}enn diagrams which yield answers to several problems and conjectures of Gr{\"u}nbaum. Among others, we construct a simple, reducible {V}enn diagram with five congruent ellipses. We show that this diagram is unique on the sphere and produces two different plane diagrams. This corrects some erroneous statements that started with John {V}enn more than a century ago in 1880 and have been repeated frequently by others ever since.",
issn="1572-9168",
doi="10.1023/A:1004924423245",
url="http://dx.doi.org/10.1023/A:1004924423245"
}


@inproceedings{scout,
  title={SCOUT: A Simple Game-Searching Algorithm with Proven Optimal Properties.},
  author={Pearl, Judea},
  booktitle={AAAI},
  pages={143--145},
  year={1980}
}
@article{mcts,
  title={A survey of monte carlo tree search methods},
  author={Browne, Cameron B and Powley, Edward and Whitehouse, Daniel and Lucas, Simon M and Cowling, Peter I and Rohlfshagen, Philipp and Tavener, Stephen and Perez, Diego and Samothrakis, Spyridon and Colton, Simon},
  journal={IEEE Transactions on Computational Intelligence and AI in Games},
  volume={4},
  number={1},
  pages={1--43},
  year={2012},
  publisher={IEEE}
}
@article{aabb,
  title={An analysis of alpha-beta pruning},
  author={Knuth, Donald E. and Moore, Ronald W},
  journal={Artificial intelligence},
  volume={6},
  number={4},
  pages={293--326},
  year={1976},
  publisher={Elsevier}
}
@Article{CDS1,
author="Marzban, Marjan
and Gu, Qian-Ping
and Jia, Xiaohua",
title="New analysis and computational study for the planar connected dominating set problem",
journal="Journal of Combinatorial Optimization",
year="2016",
volume="32",
number="1",
pages="198--225",
abstract="The connected dominating set (CDS) problem is a well studied NP-hard problem with many important applications. Dorn et al. (Algorithmica 58:790--810 2010) introduce a branch-decomposition based algorithm design technique for NP-hard problems in planar graphs and give an algorithm (DPBF algorithm) which solves the planar CDS problem in                                                                           {\$}{\$}O(2^{\{}9.822{\backslash}sqrt{\{}n{\}}{\}}n+n^3){\$}{\$}                                                                                    O                        (                                                  2                                                      9.822                                                          n                                                                                                      n                        +                                                  n                          3                                                )                                                                             time and                                                                           {\$}{\$}O(2^{\{}8.11{\backslash}sqrt{\{}n{\}}{\}}n+n^3){\$}{\$}                                                                                    O                        (                                                  2                                                      8.11                                                          n                                                                                                      n                        +                                                  n                          3                                                )                                                                             time, with a conventional method and fast matrix multiplication in the dynamic programming step of the algorithm, respectively. We show that DPBF algorithm solves the planar CDS problem in                                                                           {\$}{\$}O(2^{\{}9.8{\backslash}sqrt{\{}n{\}}{\}}n+n^3){\$}{\$}                                                                                    O                        (                                                  2                                                      9.8                                                          n                                                                                                      n                        +                                                  n                          3                                                )                                                                             time with a conventional method and in                                                                           {\$}{\$}O(2^{\{}8.08{\backslash}sqrt{\{}n{\}}{\}}n+n^3){\$}{\$}                                                                                    O                        (                                                  2                                                      8.08                                                          n                                                                                                      n                        +                                                  n                          3                                                )                                                                             time with a fast matrix multiplication. For a graph                                                                           {\$}{\$}G{\$}{\$}                                                            G                                                      , let                                                                           {\$}{\$}{\{}{\backslash}hbox {\{}bw{\}}{\}}(G){\$}{\$}                                                                                    bw                        (                        G                        )                                                                             be the branchwidth of                                                                           {\$}{\$}G{\$}{\$}                                                            G                                                       and                                                                           {\$}{\$}{\backslash}gamma {\_}c(G){\$}{\$}                                                                                                              $\gamma$                          c                                                                          (                          G                          )                                                                                                     be the connected dominating number of                                                                           {\$}{\$}G{\$}{\$}                                                            G                                                      . We prove                                                                           {\$}{\$}{\{}{\backslash}hbox {\{}bw{\}}{\}}(G){\backslash}le 2{\backslash}sqrt{\{}10{\backslash}gamma {\_}c(G){\}}+32{\$}{\$}                                                                                    bw                                                  (                          G                          )                                                â‰¤                        2                                                                              10                                                          $\gamma$                              c                                                                                      (                              G                              )                                                                                                      +                        32                                                                            . From this result, the planar CDS problem admits an                                                                           {\$}{\$}O(2^{\{}23.54{\backslash}sqrt{\{}{\backslash}gamma {\_}c(G){\}}{\}}{\backslash}gamma {\_}c(G)+n^3){\$}{\$}                                                                                    O                        (                                                  2                                                      23.54                                                                                                                            $\gamma$                                  c                                                                                                  (                                  G                                  )                                                                                                                                                                                              $\gamma$                          c                                                                          (                          G                          )                                                +                                                  n                          3                                                )                                                                             time fixed-parameter algorithm. We report computational study results on the practical performance of DPBF algorithm, which show that the size of instances can be solved by the algorithm mainly depends on the branchwidth of the instances, coinciding with the theoretical analysis. For graphs with small or moderate branchwidth, the CDS problem instances with size up to a few thousands edges can be solved in a practical time and memory space.",
issn="1573-2886",
doi="10.1007/s10878-015-9871-0",
url="http://dx.doi.org/10.1007/s10878-015-9871-0"
}
@article{garey1976planar,
  title={The planar Hamiltonian circuit problem is {NP}-complete},
  author={Garey, Michael R and Johnson, David S. and Tarjan, R Endre},
  journal={SIAM Journal on Computing},
  volume={5},
  number={4},
  pages={704--714},
  year={1976},
  publisher={SIAM}
}
@book{TSMPROBL,
  title={The traveling salesman problem and its variations},
  author={Gutin, Gregory and Punnen, Abraham P},
  volume={12},
  year={2006},
  publisher={Springer Science \& Business Media}
}

@article{minmaxy,
  title={Minimax theorems},
  author={Fan, Ky},
  journal={Proceedings of the National Academy of Sciences},
  volume={39},
  number={1},
  pages={42--47},
  year={1953},
  publisher={National Acad Sciences}
}
@article{altproof,
  title={On {v}on {N}eumann's minimax theorem},
  author={NlKAIDO, HUKUKANE},
  journal={Pacific J. Math},
  volume={4},
  pages={65--72},
  year={1954}
}
@article{alphago,
  title={Mastering the game of Go with deep neural networks and tree search},
  author={Silver, David and Huang, Aja and Maddison, Chris J and Guez, Arthur and Sifre, Laurent and Van Den Driessche, George and Schrittwieser, Julian and Antonoglou, Ioannis and Panneershelvam, Veda and Lanctot, Marc and others},
  journal={Nature},
  volume={529},
  number={7587},
  pages={484--489},
  year={2016},
  publisher={Nature Publishing Group}
}
@article{procgen,
  title={Search-based procedural content generation: A taxonomy and survey},
  author={Togelius, Julian and Yannakakis, Georgios N and Stanley, Kenneth O and Browne, Cameron},
  journal={IEEE Transactions on Computational Intelligence and AI in Games},
  volume={3},
  number={3},
  pages={172--186},
  year={2011},
  publisher={IEEE}
}
@article{mm,
author = {Neumann, J. von},
journal = {Mathematische Annalen},
pages = {295-320},
title = {Zur Theorie der Gesellschaftsspiele},
url = {http://eudml.org/doc/159291},
volume = {100},
year = {1928},
}
@article{db,
  title={Deep blue},
  author={Campbell, Murray and Hoane, A. Joseph and Hsu, Feng-hsiung},
  journal={Artificial intelligence},
  volume={134},
  number={1},
  pages={57--83},
  year={2002},
  publisher={Elsevier}
}
@article{chess1,
  title={Expertise in chess: The balance between knowledge and search},
  author={Charness, Neil},
  journal={Toward a general theory of expertise: Prospects and limits},
  pages={39--63},
  year={1991}
}

@inproceedings{knuth1,
  title={Perfect block ciphers with small blocks},
  author={Granboulan, Louis and Pornin, Thomas},
  booktitle={International Workshop on Fast Software Encryption},
  pages={452--465},
  year={2007},
  organization={Springer}
}
@Article{CDS2,
author="Dorn, Frederic
and Penninkx, Eelko
and Bodlaender, Hans L.
and Fomin, Fedor V.",
title="Efficient Exact Algorithms on Planar Graphs: Exploiting Sphere Cut Decompositions",
journal="Algorithmica",
year="2010",
volume="58",
number="3",
pages="790--810",
abstract="We present a general framework for designing fast subexponential exact and parameterized algorithms on planar graphs. Our approach is based on geometric properties of planar branch decompositions obtained by Seymour and Thomas, combined with refined techniques of dynamic programming on planar graphs based on properties of non-crossing partitions. To exemplify our approach we show how to obtain an                                                                            {\$}O(2^{\{}6.903{\backslash}sqrt{\{}n{\}}{\}}){\$}                 time algorithm solving weighted Hamiltonian Cycle on an n-vertex planar graph. Similar technique solves Planar Graph Travelling Salesman Problem with n cities in time                                                                           {\$}O(2^{\{}9.8594{\backslash}sqrt{\{}n{\}}{\}}){\$}                . Our approach can be used to design parameterized algorithms as well. For example, we give an algorithm that for a given k decides if a planar graph on n vertices has a cycle of length at least k in time                                                                           {\$}O(2^{\{}13.6{\backslash}sqrt{\{}k{\}}{\}}n+n^{\{}3{\}}){\$}                .",
issn="1432-0541",
doi="10.1007/s00453-009-9296-1",
url="http://dx.doi.org/10.1007/s00453-009-9296-1"
}

@Article{CDS3,
author="Du, Yingfan L.
and Du, Hongmin W.",
title="A new bound on maximum independent set and minimum connected dominating set in unit disk graphs",
journal="Journal of Combinatorial Optimization",
year="2015",
volume="30",
number="4",
pages="1173--1179",
abstract="It is a conjecture that in any unit disk graph                                                                           {\$}{\$}G{\$}{\$}                                                            G                                                      ,                                                                           {\$}{\$}{\backslash}alpha (G) {\backslash}le 3 {\backslash}cdot {\backslash}gamma {\_}c(G) + 3{\$}{\$}                                                                                    $\alpha$                                                  (                          G                          )                                                â‰¤                        3                        {\textperiodcentered}                                                  $\gamma$                          c                                                                          (                          G                          )                                                +                        3                                                                             where                                                                           {\$}{\$}{\backslash}alpha (G){\$}{\$}                                                                                    $\alpha$                        (                        G                        )                                                                             is the size of the maximum independent set in                                                                           {\$}{\$}G{\$}{\$}                                                            G                                                       and                                                                           {\$}{\$}{\backslash}gamma {\_}c(G){\$}{\$}                                                                                                              $\gamma$                          c                                                                          (                          G                          )                                                                                                     is the size of minimum connected dominating set in                                                                           {\$}{\$}G{\$}{\$}                                                            G                                                      . In this paper, we show that in any unit disk graph                                                                           {\$}{\$}G{\$}{\$}                                                            G                                                      ,                                                                           {\$}{\$}{\backslash}alpha (G) {\backslash}le 3.399 {\backslash}cdot {\backslash}gamma {\_}c(G) + 4.874{\$}{\$}                                                                                    $\alpha$                                                  (                          G                          )                                                â‰¤                        3.399                        {\textperiodcentered}                                                  $\gamma$                          c                                                                          (                          G                          )                                                +                        4.874                                                                            . Currently, this is the best-known bound.",
issn="1573-2886",
doi="10.1007/s10878-013-9690-0",
url="http://dx.doi.org/10.1007/s10878-013-9690-0"
}
@article {support1,
    AUTHOR = {Gao, Xiaofeng and Wang, Yuexuan and Li, Xianyue and Wu, Weili},
     TITLE = {Analysis on theoretical bounds for approximating dominating
              set problems},
   JOURNAL = {Discrete Math. Algorithms Appl.},
  FJOURNAL = {Discrete Mathematics, Algorithms and Applications},
    VOLUME = {1},
      YEAR = {2009},
    NUMBER = {1},
     PAGES = {71--84},
      ISSN = {1793-8309},
   MRCLASS = {68W25 (05C69 05C85)},
  MRNUMBER = {2725740},
       DOI = {10.1142/S1793830909000105},
       URL = {http://dx.doi.org/10.1142/S1793830909000105},
}

@ARTICLE{WRONG, 
author={D. Kim and Z. Zhang and X. Li and W. Wang and W. Wu and D. Z. Du}, 
journal={IEEE Transactions on Mobile Computing}, 
title={A Better Approximation Algorithm for Computing Connected Dominating Sets in Unit Ball Graphs}, 
year={2010}, 
volume={9}, 
number={8}, 
pages={1108-1118}, 
keywords={Q-factor;approximation theory;distributed algorithms;graph theory;radio networks;telecommunication network routing;2D homogeneous wireless network model;approximation algorithm;distributed algorithm;minimum connected dominating set;performance ratio analysis;quality factor;unit ball graphs;virtual backbone;wireless network;Wireless networks;connected dominating sets;unit ball graphs.;virtual backbones}, 
doi={10.1109/TMC.2010.55}, 
ISSN={1536-1233}, 
month={Aug},}

@incollection {Tellem,
    AUTHOR = {Li, Jun and Gao, Xiaofeng and Chen, Guihai and Gao, Fengwei
              and Ding, Ling},
     TITLE = {Performance analysis and improvement for the construction of
              {MCDS} problem in 3{D} space},
 BOOKTITLE = {Combinatorial optimization and applications},
    SERIES = {Lecture Notes in Comput. Sci.},
    VOLUME = {8881},
     PAGES = {184--199},
 PUBLISHER = {Springer, Cham},
      YEAR = {2014},
   MRCLASS = {05C85 (90C35)},
  MRNUMBER = {3297370},
       DOI = {10.1007/978-3-319-12691-3_15},
       URL = {http://dx.doi.org/10.1007/978-3-319-12691-3_15},
}
@inproceedings{routingexample,
  title={On routing with guaranteed delivery in three-dimensional ad hoc wireless networks},
  author={Durocher, Stephane and Kirkpatrick, David and Narayanan, Lata},
  booktitle={International Conference on Distributed Computing and Networking},
  pages={546--557},
  year={2008},
  organization={Springer}
}

@article {peterson,
    AUTHOR = {Henning, Michael A. and L{\"o}wenstein, Christian and
              Rautenbach, Dieter},
     TITLE = {Partitioning a graph into a dominating set, a total dominating
              set, and something else},
   JOURNAL = {Discuss. Math. Graph Theory},
  FJOURNAL = {Discussiones Mathematicae. Graph Theory},
    VOLUME = {30},
      YEAR = {2010},
    NUMBER = {4},
     PAGES = {563--574},
      ISSN = {1234-3099},
   MRCLASS = {05C69},
  MRNUMBER = {2761620},
MRREVIEWER = {Maryam Atapour},
       DOI = {10.7151/dmgt.1514},
       URL = {http://dx.doi.org/10.7151/dmgt.1514},
}

@article{petersongraphh,
  title={Partitioning a graph into a dominating set, a total dominating set, and something else},
  author={Henning, Michael A and L{\"o}wenstein, Christian and Rautenbach, Dieter},
  journal={Discussiones Mathematicae Graph Theory},
  volume={30},
  number={4},
  pages={563--574},
  year={2010},
  publisher={De Gruyter Open}
}
@article{2domset,
  title={A note on graphs with disjoint dominating and total dominating sets},
  author={Henning, Michael A and Southey, Justin},
  journal={Ars Combin},
  volume={89},
  pages={159--162},
  year={2008}
}
@inproceedings{montecarloHamCycle,
  title={Determinant sums for undirected {H}amiltonicity},
  author={Bjorklund, Andreas},
  booktitle={Foundations of Computer Science (FOCS), 2010 51st Annual IEEE Symposium on},
  pages={173--182},
  year={2010},
  organization={IEEE}
}
@article{ruskey1997survey,
  title={A survey of {V}enn diagrams},
  author={Ruskey, Frank and Weston, Mark},
  journal={Electronic Journal of Combinatorics},
  volume={4},
  pages={3},
  year={1997}
}
@article{pruesse2015all,
  title={All Simple {V}enn Diagrams are Hamiltonian},
  author={Pruesse, Gara and Ruskey, Frank},
  journal={arXiv preprint arXiv:1504.06651},
  year={2015}
}
@article{hamburger2003symmetric,
  title={Symmetric $11 $-{V}enn diagrams with vertex sets $231, 242,..., 352$},
  author={Hamburger, Peter and Sali, Attila},
  journal={Studia Scientiarum Mathematicarum Hungarica},
  volume={40},
  number={1-2},
  pages={121--143},
  year={2003},
  publisher={Akademiai Kiado}
}
@article{ruskey2006search,
  title={The search for simple symmetric {V}enn diagrams},
  author={Ruskey, Frank and Savage, Carla D and Wagon, Stan},
  journal={Notices of the AMS},
  volume={53},
  number={11},
  pages={1304--1311},
  year={2006}
}
@article{winkler1984venn,
  title={{V}enn diagrams: some observations and an open problem},
  author={Winkler, Peter},
  journal={Congressus Numerantium},
  volume={45},
  pages={267--274},
  year={1984}
}
@Inbook{3regham,
author="Iwama, Kazuo
and Nakashima, Takuya",
editor="Lin, Guohui",
title="An Improved Exact Algorithm for Cubic Graph TSP",
bookTitle="Computing and Combinatorics: 13th Annual International Conference, COCOON 2007, Banff, Canada, July 16-19, 2007. Proceedings",
year="2007",
publisher="Springer Berlin Heidelberg",
address="Berlin, Heidelberg",
pages="108--117",
isbn="978-3-540-73545-8",
doi="10.1007/978-3-540-73545-8_13",
url="http://dx.doi.org/10.1007/978-3-540-73545-8_13"
}

@Inbook{Iwama2007,
author="Iwama, Kazuo
and Nakashima, Takuya",
editor="Lin, Guohui",
title="An Improved Exact Algorithm for Cubic Graph TSP",
bookTitle="Computing and Combinatorics: 13th Annual International Conference, COCOON 2007, Banff, Canada, July 16-19, 2007. Proceedings",
year="2007",
publisher="Springer Berlin Heidelberg",
address="Berlin, Heidelberg",
pages="108--117",
isbn="978-3-540-73545-8",
doi="10.1007/978-3-540-73545-8_13",
url="http://dx.doi.org/10.1007/978-3-540-73545-8_13"
}

@article{held1962dynamic,
  title={A dynamic programming approach to sequencing problems},
  author={Held, Michael and Karp, Richard M},
  journal={Journal of the Society for Industrial and Applied Mathematics},
  volume={10},
  number={1},
  pages={196--210},
  year={1962},
  publisher={SIAM}
}

